@book{saldaña2016,
  title = {The Coding Manual for Qualitative Researchers},
  author = {Saldaña, Johnny},
  year = {2016},
  publisher = {SAGE Publications}
}

@book{auerbach2003,
  title = {Qualitative Data: An Introduction to Coding and Analysis},
  author = {Auerbach, Carl F. and Silverstein, Louise B.},
  year = {2003},
  publisher = {NYU Press}
}

@Manual{qcoder2024,
  title = {qcoder: Lightweight Qualitative Coding},
  author = {Beth Duckles and Dan Sholler and Jenny Draper and Ted
    Laderas},
  year = {2024},
  note = {R package version 0.1.0},
  url = {https://github.com/ropenscilabs/qcoder},
}

@Manual{rqda,
  title = {RQDA: R-based Qualitative Data Analysis},
  author = {Ronggui Huang},
  year = {2016},
  note = {R package version 0.2-8},
  url = {http://rqda.r-forge.r-project.org/}
}

@Misc{cursor,
  author = {Gastón Becerra and Juan Pablo López-Alurralde},
  title = {Curso Introductorio a R para las Ciencias Sociales},
  year = {2024},
  url = {https://bookdown.org/gaston_becerra/curso-intro-r/},
  note = {Último acceso: 21 de noviembre de 2024}
}
